@inproceedings{goodfellow2014generative,
  title={Generative adversarial nets},
  author={Goodfellow, Ian and Pouget-Abadie, Jean and Mirza, Mehdi and Xu, Bing and Warde-Farley, David and Ozair, Sherjil and Courville, Aaron and Bengio, Yoshua},
  booktitle={Advances in neural information processing systems},
  pages={2672--2680},
  year={2014}
}

@article{radford2015unsupervised,
  title={Unsupervised representation learning with deep convolutional generative adversarial networks},
  author={Radford, Alec and Metz, Luke and Chintala, Soumith},
  journal={arXiv preprint arXiv:1511.06434},
  year={2015}
}

@ARTICLE{nipstut,
       author = {{Goodfellow}, Ian},
        title = "{NIPS 2016 Tutorial: Generative Adversarial Networks}",
      journal = {arXiv e-prints},
     keywords = {Computer Science - Machine Learning},
         year = "2016",
        month = "Dec",
          eid = {arXiv:1701.00160},
        pages = {arXiv:1701.00160},
archivePrefix = {arXiv},
       eprint = {1701.00160},
 primaryClass = {cs.LG},
       adsurl = {https://ui.adsabs.harvard.edu/abs/2017arXiv170100160G},
      adsnote = {Provided by the SAO/NASA Astrophysics Data System}
}
